@ARTICLE{lefevre,
title = {Hervé Lefèvre, \"The Fiber-Optic Gyroscope\", 1993, ARTECH HOUSE, INC. ISBN 0-89006-537-3},
owner = {Boris},
timestamp = {2011.01.01}
}